<?xml version="1.0" encoding="UTF-8"?><collection xmlns="http://www.loc.gov/MARC21/slim"><record><leader>00479nam--2200145-i-4500</leader><controlfield tag="001">000045653</controlfield><controlfield tag="002">20161230</controlfield><controlfield tag="005">20161230201045</controlfield><controlfield tag="008">060222s1000------------r-----000-0-eng-d</controlfield><datafield ind1=" " ind2=" " tag="080"><subfield code="a">001.81</subfield></datafield><datafield ind1=" " ind2=" " tag="100"><subfield code="a">Uhlmann, W</subfield></datafield><datafield ind1=" " ind2=" " tag="245"><subfield code="a">Coordinate indexing of aktiebolaget atomenergi`s arbetstrapporter (technical reports) with nuclear science abstracts` categories as descriptors. march 1964</subfield></datafield><datafield ind1=" " ind2=" " tag="260"><subfield code="a">Stockholm, Aktiebolaget Atomenergi, 1964, 2p</subfield></datafield><datafield ind1=" " ind2=" " tag="490"><subfield code="a">Vdit-88</subfield></datafield><datafield ind1=" " ind2=" " tag="852"><subfield code="a">D.1197</subfield></datafield></record></collection>